@article{Feijoo2014,
	author = {Feijoo, Felipe and Das, Tapas K.},
	title = {{Design of Pareto optimal CO2 cap-and-trade policies for deregulated electricity networks}},
	journal = {Appl. Energy},
	volume = {119},
	pages = {371--383},
	year = {2014},
	month = {Apr},
	issn = {0306-2619},
	publisher = {Elsevier},
	doi = {10.1016/j.apenergy.2014.01.019}
}

@article{Mardones2017,
	author = {Mardones, Cristian and Flores, Bel{\ifmmode\acute{e}\else\'{e}\fi}n},
	title = {{Evaluation of a CO2 Tax in Chile: Emissions Reduction or Design Problems?}},
	journal = {Latin American Research Review},
	volume = {52},
	number = {3},
	year = {2017},
	month = {Sep},
	issn = {1542-4278},
	publisher = {Latin American Studies Association},
	doi = {10.25222/larr.33}
}

@article{Vera2015,
	author = {Vera, Sonia and Sauma, Enzo},
	title = {{Does a carbon tax make sense in countries with still a high potential for energy efficiency? Comparison between the reducing-emissions effects of carbon tax and energy efficiency measures in the Chilean case}},
	journal = {Energy},
	volume = {88},
	pages = {478--488},
	year = {2015},
	month = {Aug},
	issn = {0360-5442},
	publisher = {Pergamon},
	doi = {10.1016/j.energy.2015.05.067}
}

@article{Liu2015,
	author = {Liu, Yu and Lu, Yingying},
	title = {{The Economic impact of different carbon tax revenue recycling schemes in China: A model-based scenario analysis}},
	journal = {Appl. Energy},
	volume = {141},
	pages = {96--105},
	year = {2015},
	month = {Mar},
	issn = {0306-2619},
	publisher = {Elsevier},
	doi = {10.1016/j.apenergy.2014.12.032}
}

@misc{Pizarro2018,
    author = { Pizarro, Rodrigo;  Pinto, Francisco and  Ainz\'ua Sebasti\'an},
    title = {Chile\'s Green Tax Strategy},
    journal = {Ministerio del Medio Ambiente},
	year = {2018},
	month = {May},
	note = {[Online; accessed 15. May 2019]},
	url = {https://www.4echile.cl/4echile/wp-content/uploads/2018/05/1.-Strategy.-Chile%C2%B4s-Green-Tax.pdf}
}

@article{Ruiz2014,
	author = {Ruiz, Carlos and Conejo, Antonio J. and Fuller, J. David and Gabriel, Steven A. and Hobbs, Benjamin F.},
	title = {{A tutorial review of complementarity models for decision-making in energy markets}},
	journal = {EURO J. Decis. Process.},
	volume = {2},
	number = {1-2},
	pages = {91--120},
	year = {2014},
	month = {Jun},
	issn = {2193-9438},
	publisher = {Springer Berlin Heidelberg},
	doi = {10.1007/s40070-013-0019-0}
}

@book{Gabriel2013,
	author = {Gabriel, Steven A. and Conejo, Antonio J. and Fuller, J. David and Hobbs, Benjamin F. and Ruiz, Carlos},
	title = {{Complementarity Modeling in Energy Markets {$\vert$} Steven A. Gabriel {$\vert$} Springer}},
	year = {2013},
	isbn = {978-1-4419-6122-8},
	publisher = {Springer-Verlag New York},
	doi = {10.1007/978-1-4419-6123-5}
}

@article{Murphy2016,
	author = {Murphy, Frederic and Pierru, Axel and Smeers, Yves},
	title = {{A Tutorial on Building Policy Models as Mixed-Complementarity Problems}},
	journal = {Interfaces},
	year = {2016},
	month = {May},
	publisher = {INFORMS},
	url = {https://pubsonline.informs.org/doi/full/10.1287/inte.2016.0842}
}

@ARTICLE{Ferris2000,
title = {Complementarity problems in GAMS and the PATH solver},
author = {Ferris, Michael C. and Munson, Todd S.},
year = {2000},
journal = {Journal of Economic Dynamics and Control},
volume = {24},
number = {2},
pages = {165-188},
url = {https://EconPapers.repec.org/RePEc:eee:dyncon:v:24:y:2000:i:2:p:165-188}
}

@article{Rezaie2018,
	author = {Rezaie, Hamid and Kazemi-Rahbar, M. H. and Vahidi, Behrooz and Rastegar, Hasan},
	title = {{Solution of combined economic and emission dispatch problem using a novel chaotic improved harmony search algorithm}},
	journal = {J. Comput. Des. Eng.},
	year = {2018},
	month = {Aug},
	issn = {2288-4300},
	publisher = {Elsevier},
	doi = {10.1016/j.jcde.2018.08.001}
}
@article{Rocha2011,
	author = {Rocha, Patricio},
	title = {{Cap-and-Trade Modeling and Analysis for Electric Power Generation Systems}},
	journal = {Scholar Commons},
	year = {2011},
	url = {https://scholarcommons.usf.edu/etd/3316}
}

@article{deMaered'Aertrycke2017,
	author = {de Maere d{'}Aertrycke, Gauthier and Ehrenmann, Andreas and Smeers, Yves},
	title = {{Investment with incomplete markets for risk: The need for long-term contracts}},
	journal = {Energy Policy},
	volume = {105},
	pages = {571--583},
	year = {2017},
	month = {Jun},
	issn = {0301-4215},
	publisher = {Elsevier},
	doi = {10.1016/j.enpol.2017.01.029}
}

@article{Abada2017Sep,
	author = {Abada, Ibrahim and de Maere d{'}Aertrycke, Gauthier and Smeers, Yves},
	title = {{On the multiplicity of solutions in generation capacity investment models with incomplete markets: a risk-averse stochastic equilibrium approach}},
	journal = {Math. Program.},
	volume = {165},
	number = {1},
	pages = {5--69},
	year = {2017},
	month = {Sep},
	issn = {0025-5610},
	publisher = {Springer Berlin Heidelberg},
	doi = {10.1007/s10107-017-1185-9}
}